@article{villringer1997non,
  title={Non-invasive optical spectroscopy and imaging of human brain function},
  author={Villringer, Arno and Chance, Britton},
  journal={Trends in neurosciences},
  volume={20},
  number={10},
  pages={435--442},
  year={1997},
  publisher={Elsevier}
}
@article{buxton2004modeling,
  title={Modeling the hemodynamic response to brain activation},
  author={Buxton, Richard B and Uluda{\u{g}}, K{\^a}mil and Dubowitz, David J and Liu, Thomas T},
  journal={Neuroimage},
  volume={23},
  pages={S220--S233},
  year={2004},
  publisher={Elsevier}
}
@article{malonek1996interactions,
  title={Interactions between electrical activity and cortical microcirculation revealed by imaging spectroscopy: implications for functional brain mapping},
  author={Malonek, Dov and Grinvald, Amiram},
  journal={Science},
  volume={272},
  number={5261},
  pages={551--554},
  year={1996},
  publisher={American Association for the Advancement of Science}
}

@article{jobsis1977noninvasive,
  title={Noninvasive, infrared monitoring of cerebral and myocardial oxygen sufficiency and circulatory parameters},
  author={Jobsis, Frans F},
  journal={Science},
  volume={198},
  number={4323},
  pages={1264--1267},
  year={1977},
  publisher={American Association for the Advancement of Science}
}

@article{franceschini2003hemodynamic,
  title={Hemodynamic evoked response of the sensorimotor cortex measured noninvasively with near-infrared optical imaging},
  author={Franceschini, Maria Angela and Fantini, Sergio and Thompson, John H and Culver, Joseph P and Boas, David A},
  journal={Psychophysiology},
  volume={40},
  number={4},
  pages={548--560},
  year={2003},
  publisher={Wiley Online Library}
}

@article{herrmann2005near,
  title={Near-infrared optical topography to assess activation of the parietal cortex during a visuo-spatial task},
  author={Herrmann, MJ and Ehlis, A-C and Wagener, A and Jacob, CP and Fallgatter, AJ},
  journal={Neuropsychologia},
  volume={43},
  number={12},
  pages={1713--1720},
  year={2005},
  publisher={Elsevier}
}
@article{wriessnegger2008spatio,
  title={Spatio-temporal differences in brain oxygenation between movement execution and imagery: a multichannel near-infrared spectroscopy study},
  author={Wriessnegger, SC and Kurzmann, J{\"u}rgen and Neuper, Christa},
  journal={International Journal of Psychophysiology},
  volume={67},
  number={1},
  pages={54--63},
  year={2008},
  publisher={Elsevier}
}
@article{bauernfeind2011single,
  title={Single-trial classification of antagonistic oxyhemoglobin responses during mental arithmetic},
  author={Bauernfeind, G{\"u}nther and Scherer, Reinhold and Pfurtscheller, Gert and Neuper, Christa},
  journal={Medical \& biological engineering \& computing},
  volume={49},
  number={9},
  pages={979},
  year={2011},
  publisher={Springer}
}
@article{pfurtscheller2010focal,
  title={Focal frontal (de) oxyhemoglobin responses during simple arithmetic},
  author={Pfurtscheller, Gert and Bauernfeind, G{\"u}nther and Wriessnegger, Selina Christin and Neuper, Christa},
  journal={International Journal of Psychophysiology},
  volume={76},
  number={3},
  pages={186--192},
  year={2010},
  publisher={Elsevier}
}

